@article{Salazar,
    author = "Augusto Enrique Salazar",
    title = "{Taller Memoria}. ({Espa√±ol})
    [{On} Diferentes tipos de memoria del computador]",
    pages = "1--13",
    year = "2020",
    DOI = "https://classroom.google.com/u/1/w/MTQ0MDA0NjgzNzk4/t/all",
    keywords = "Memory"
}

@online{RAMwebsite,
    author = "IGB",
    title = "Memoria RAM DDR4",
    url  = "https://www.profesionalreview.com/2015/10/01/memoria-ram-ddr4-transcend-ts512mlh64v1h-review/",
    addendum = "(accessed: 14.9.2020)",
    keywords = "Memory RAM"
}

